%% This BibTeX bibliography file was created using BibDesk.
%% http://bibdesk.sourceforge.net/


%% Created for Lauro Cesar Araujo at 2015-04-27 19:43:45 -0300


%% Saved with string encoding Unicode (UTF-8)

@book{weintraub1991,
  Title = {Stabilizing dynamics: Constructing economic knowledge},
  Author = {Weintraub, E Roy},
  Publisher = {Cambridge University Press},
  Year = {1991}
}

@article{bushawclower1954,
  title={Price determination in a stock-flow economy},
  author={Clower, Robert W and Bushaw, Donald W},
  journal={Econometrica: Journal of the Econometric Society},
  pages={328--343},
  year={1954},
  publisher={JSTOR}
}

@article{arrowhurwickz1958,
  title={On the stability of the competitive equilibrium, I},
  author={Arrow, Kenneth J and Hurwicz, Leonid},
  journal={Econometrica: Journal of the Econometric Society},
  pages={522--552},
  year={1958},
  publisher={JSTOR}
}

@article{negishi1962,
  title={The stability of a competitive economy: a survey article},
  author={Negishi, Takashi},
  journal={Econometrica: Journal of the Econometric Society},
  pages={635--669},
  year={1962},
  publisher={JSTOR}
}

@article{backhouseboianovsky2013,
  title={Transforming Modern Macroeconomics},
  author={Backhouse, Roger E and Boianovsky, Mauro and others},
  journal={Cambridge Books},
  year={2013},
  publisher={Cambridge University Press}
}

@article{yasui1950,
 title={A General Theory of Stability},
 author={Yasui, Takuma},
 journal={Economic Studies Quarterly},
 year={1950},
 volume={1},
 pages={13--32}
}

@article{metzler1945,
  title={Stability of multiple markets: the Hicks conditions},
  author={Metzler, Lloyd A},
  journal={Econometrica: Journal of the Econometric Society},
  pages={277--292},
  year={1945},
  publisher={JSTOR}
}

@misc{arrowhurwicz1951,
title={A Gradient Method for Approximating Saddle Points and Constrained Maxima},
url={https://www.rand.org/pubs/papers/P223.html},
journal={RAND Corporation},
author={Arrow, Kenneth J and Hurwicz, Leonid},
year={1951},
month={Jan}}

@book{lefschetz1948,
  title={Lectures on Differential Equations},
  author={Lefschetz, S.},
  isbn={9780691083957},
  series={Annals of mathematics studies},
  url={https://books.google.com.br/books?id=1rbkRZZQ5IAC},
  year={1948},
  publisher={Princeton University Press}
}

@book{mwg1995,
  added-at = {2009-03-22T18:35:23.000+0100},
  address = {New York},
  author = {Mas-Colell, Andreu and Whinston, Michael D. and Green, Jerry R.},
  biburl = {https://www.bibsonomy.org/bibtex/27cc4ae10bb73bb3577c56b2e7609e885/mtasdemir},
  description = {tasdemir_local},
  interhash = {0abe2a1ddb8d31b7a8494af801924218},
  intrahash = {7cc4ae10bb73bb3577c56b2e7609e885},
  keywords = {imported},
  owner = {murat},
  publisher = {Oxford University Press},
  timestamp = {2009-03-22T18:38:05.000+0100},
  title = {Microeconomic Theory},
  year = 1995
}

@book{hicks1939,
title = {Value and Capital: An Inquiry into some Fundamental Principles of Economic Theory},
author = {Hicks, John},
year = {1939},
edition = {1},
publisher = {Oxford University Press},
url = {https://EconPapers.repec.org/RePEc:oxp:obooks:9780198282693}
}

@book{samuelson1947,
  title={Foundations of economic analysis},
  author={Samuelson, Paul Anthony},
  year={1947}
}

@article{samuelson1941,
 ISSN = {00129682, 14680262},
 URL = {http://www.jstor.org/stable/1906872},
 author = {Paul A. Samuelson},
 journal = {Econometrica},
 number = {2},
 pages = {97--120},
 publisher = {[Wiley, Econometric Society]},
 title = {The Stability of Equilibrium: Comparative Statics and Dynamics},
 volume = {9},
 year = {1941}
}

@article{samuelson1942,
 ISSN = {00129682, 14680262},
 URL = {http://www.jstor.org/stable/1907018},
 author = {Paul A. Samuelson},
 journal = {Econometrica},
 number = {1},
 pages = {1--25},
 publisher = {[Wiley, Econometric Society]},
 title = {The Stability of Equilibrium: Linear and Nonlinear Systems},
 volume = {10},
 year = {1942}
}

@article{samuelson1944,
 ISSN = {00129682, 14680262},
 URL = {http://www.jstor.org/stable/1905436},
 author = {Paul A. Samuelson},
 journal = {Econometrica},
 number = {3/4},
 pages = {256--257},
 publisher = {[Wiley, Econometric Society]},
 title = {The Relation Between Hicksian Stability and True Dynamic Stability},
 volume = {12},
 year = {1944}
}

@book{lange1944,
  title={Price Flexibility and Employment},
  author={Lange, O.},
  isbn={9780313204807},
  lccn={78006631},
  series={Cowles Commission for Research in Economics Monographs},
  url={https://books.google.com.br/books?id=dw5pPwAACAAJ},
  year={1944},
  publisher={Greenwood Press}
}
